@article{bell198915,
  title={A 15-year climatology of Northern Hemisphere 500 mb closed cyclone and anticyclone centers},
  author={Bell, Gerald D and Bosart, Lance F},
  journal={Monthly Weather Review},
  volume={117},
  number={10},
  pages={2142--2164},
  year={1989}
}

@article{rice1982durivation,
  title={The Durivation of Computer-based Synophic Climatology of Southern Hemisphere Extratropical Cyclones},
  author={Rice, J},
  journal={Unpublished B. Sc. Honours thesis. University of Melbourne},
  year={1982}
}

@article{le1990comparison,
  title={Comparison of observed and simulated cyclone frequency distribution as determined by an objective method},
  author={Le Treut, Herve and Kalnay, Eugenia},
  journal={Atmosfera},
  volume={3},
  number={1},
  year={1990}
}

@article{alpert1990climatological,
  title={Climatological analysis of Mediterranean cyclones using ECMWF data},
  author={Alpert, P and Neeman, BU and Shay-El, Y},
  journal={Tellus A},
  volume={42},
  number={1},
  pages={65--77},
  year={1990},
  publisher={Wiley Online Library}
}

@article{lambert1988cyclone,
  title={A cyclone climatology of the Canadian Climate Centre general circulation model},
  author={Lambert, Steven J},
  journal={Journal of Climate},
  volume={1},
  number={1},
  pages={109--115},
  year={1988}
}

@article{taljaard1967development,
  title={Development, distribution and movement of cyclones and anticyclones in the Southern Hemisphere during the IGY},
  author={Taljaard, JJ},
  journal={Journal of Applied Meteorology},
  volume={6},
  number={6},
  pages={973--987},
  year={1967}
}

@book{petterssen1956weather,
  title={Weather analysis and forecasting. 2. Weather and weather systems},
  author={Petterssen, Sverre},
  year={1956},
  publisher={McGraw-Hill}
}

@book{klein1957principle,
  title={Principle tracks and mean frequencies of cyclones and anticyclones in the Northern Hemisphere},
  author={Klein, William H},
  year={1957},
  publisher={US Weather Bureau}
}

@article{whittaker1982atlas,
  title={Atlas of Northern Hemisphere extratropical cyclone activity, 1958- 1977},
  author={Whittaker, Linda M and Horn, LH},
  year={1982}
}

@article{williamson1981storm,
  title={Storm track representation and verification},
  author={Williamson, David L},
  journal={Tellus},
  volume={33},
  number={6},
  pages={513--530},
  year={1981},
  publisher={Wiley Online Library}
}

@article{akyildiz1985systematic,
  title={Systematic errors in the behaviour of cyclones in the ECMWF operational models},
  author={Akyildiz, Veli},
  journal={Tellus A},
  volume={37},
  number={4},
  pages={297--308},
  year={1985},
  publisher={Wiley Online Library}
}

@article{reed1988evaluation,
  title={An evaluation of the performance of the ECMWF operational system in analyzing and forecasting easterly wave disturbances over Africa and the tropical Atlantic},
  author={Reed, RJ and Hollingsworth, A and Heckley, WA and Delsol, F},
  journal={Monthly weather review},
  volume={116},
  number={4},
  pages={824--865},
  year={1988}
}

@article{murray1991numerical,
  title={A numerical scheme for tracking cyclone centres from digital data. Part I: Development and operation of the scheme},
  author={Murray, Ross J and Simmonds, Ian},
  journal={Australian Meteorological Magazine},
  volume={39},
  number={3},
  pages={155--166},
  year={1991}
}

@article{konig1993objective,
  title={Objective identification of cyclones in GCM simulations},
  author={K{\"o}nig, W and Sausen, R and Sielmann, F},
  journal={Journal of Climate},
  volume={6},
  number={12},
  pages={2217--2231},
  year={1993}
}

@article{hodges1994general,
  title={A general-method for tracking analysis and its application to meteorological data},
  author={Hodges, KI and others},
  journal={Monthly Weather Review},
  volume={122},
  number={11},
  pages={2573--2586},
  year={1994},
  publisher={American Meteorological Society}
}

@article{hodges1995feature,
  title={Feature tracking on the unit sphere},
  author={Hodges, KI},
  journal={Monthly Weather Review},
  volume={123},
  number={12},
  pages={3458--3465},
  year={1995}
}

@article{hodges2003comparison,
  title={A comparison of recent reanalysis datasets using objective feature tracking: Storm tracks and tropical easterly waves},
  author={Hodges, Kevin Ivan and Hoskins, Brian John and Boyle, J and Thorncroft, C},
  journal={Monthly Weather Review},
  volume={131},
  number={9},
  pages={2012--2037},
  year={2003}
}

@article{bentley1975multidimensional,
  title={Multidimensional binary search trees used for associative searching},
  author={Bentley, Jon Louis},
  journal={Communications of the ACM},
  volume={18},
  number={9},
  pages={509--517},
  year={1975},
  publisher={ACM}
}

@misc{tsiombikas2015kdtree,
  author={John Tsiombikas},
  title = {kdtree: A simple C library for working with KD-Trees},
  howpublished = {\url{https://github.com/jtsiomb/kdtree}},
  note = {Accessed: 2015-09-18},
  year = {2015}
}

%%%%%%%%%%%%%%%%%%%%%%%%%%%%%%%%%%%%%%%%%%%%%%%%%
% Colin's references
%%%%%%%%%%%%%%%%%%%%%%%%%%%%%%%%%%%%%%%%%%%%%%%%%

@article{Bacmeister2014,
	Author = {{Bacmeister}, J.~T. and {Wehner}, M.~F. and {Neale}, R.~B. and {Gettelman}, A. and {Hannay}, C. and {Lauritzen,}, P.~H. and {Caron}, J.~M. and {Truesdale}, J.~E.},
	Doi = {10.1175/JCLI-D-13-00387.1},
	Journal = {J. Clim.},
	Month = may,
	Pages = {3073-3099},
	Title = {{Exploratory High-Resolution Climate Simulations using the Community Atmosphere Model (CAM)}},
	Volume = 27,
	Year = 2014,
	Bdsk-Url-1 = {http://dx.doi.org/10.1175/JCLI-D-13-00387.1}}

@article{Bell2000,
	Author = {{Bell},G.~D., and {Halpert}, M.~S. and {Schnell}, R.~C. and {Higgins}, R.~W. and {Lawrimore}, J. and {Kousky}, V.~E. and {Tinker}, R. and {Thiaw},W. and {Chelliah},M. and {Artusa},A.},
	Journal = {Bull. Amer. Meteor. Soc.},
	Number = {6},
	Pages = {1328},
	Title = {Climate Assessment for 1999},
	Volume = {81},
	Year = {2000}}

@article{Bender2010,
	Author = {{Bender}, M.~A. and {Knutson}, T.~R. and {Tuleya}, R.~E. and {Sirutis}, J.~J. and {Vecchi}, G.~A. and {Garner}, S.~T. and {Held}, I.~M.},
	Doi = {10.1126/science.1180568},
	Journal = {Science},
	Pages = {454--458},
	Title = {Modeled Impact of Anthropogenic Warming on the Frequency of Intense {A}tlantic Hurricanes},
	Volume = 327,
	Year = 2010,
	Bdsk-Url-1 = {http://dx.doi.org/10.1126/science.1180568}}

@article{Bengtsson1995,
	Author = {{Bengtsson}, L. and {Botzet}, M. and {Esch}, M.},
	Doi = {10.1034/j.1600-0870.1995.t01-1-00003.x},
	Journal = {Tellus},
	Month = mar,
	Pages = {175--196},
	Title = {Hurricane-type vortices in a general circulation model},
	Volume = 47,
	Year = 1995,
	Bdsk-Url-1 = {http://dx.doi.org/10.1034/j.1600-0870.1995.t01-1-00003.x}}

@article{Bengtsson1996,
	Author = {{Bengtsson}, L. and {Botzet}, M. and {Esch}, M.},
	Doi = {10.1034/j.1600-0870.1996.00004.x},
	Journal = {Tellus},
	Month = jan,
	Pages = {57--73},
	Title = {Will greenhouse gas-induced warming over the next 50 years lead to higher frequency and greater intensity of hurricanes?},
	Volume = 48,
	Year = 1996,
	Bdsk-Url-1 = {http://dx.doi.org/10.1034/j.1600-0870.1996.00004.x}}

@article{Bengtsson2007,
	Author = {Bengtsson, L. and Hodges, K. I. and Esch, M.},
	Date-Added = {2014-01-28 16:03:10 +0000},
	Date-Modified = {2014-01-30 18:59:50 +0000},
	Doi = {10.1111/j.1600-0870.2007.00236.x},
	Journal = {Tellus {A}},
	Number = {4},
	Pages = {396-416},
	Title = {Tropical cyclones in a {T159} resolution global climate model: comparison with observations and re-analyses},
	Volume = {59},
	Year = {2007},
	Bdsk-Url-1 = {http://dx.doi.org/10.1111/j.1600-0870.2007.00236.x}}

@article{Broccoli1990,
	Author = {{Broccoli}, A.~J. and {Manabe}, S.},
	Date-Modified = {2015-11-18 00:06:23 +0000},
	Doi = {10.1029/GL017i011p01917},
	Journal = {Geophys. Res. Lett.},
	Month = oct,
	Pages = {1917--1920},
	Title = {Can existing climate models be used to study anthropogenic changes in tropical cyclone climate?},
	Volume = 17,
	Year = 1990,
	Bdsk-Url-1 = {http://dx.doi.org/10.1029/GL017i011p01917}}

@article{Camargo2002,
	Annote = {doi: 10.1175/1520-0434(2002)017<1152:ITDATO>2.0.CO;2},
	Author = {Camargo, Suzana J. and Zebiak, Stephen E.},
	Date-Added = {2014-03-08 05:54:11 +0000},
	Date-Modified = {2014-03-08 05:54:39 +0000},
	Journal = {Weather and Forecasting},
	Number = {6},
	Pages = {1152--1162},
	Title = {Improving the Detection and Tracking of Tropical Cyclones in Atmospheric General Circulation Models},
	Volume = {17},
	Year = {2002},
	Bdsk-Url-1 = {http://dx.doi.org/10.1175/1520-0434(2002)017%3C1152:ITDATO%3E2.0.CO;2}}

@article{Camargo2007,
	Author = {{Camargo}, S. and {Emanuel}, K. and {Sobel}, A.},
	Doi = {0.1175/JCLI4282.1},
	Journal = {J.Clim.},
	Pages = {4819-4834},
	Title = {Tropical cyclone activity and global climate},
	Volume = {20},
	Year = {2007},
	Bdsk-Url-1 = {http://dx.doi.org/0.1175/JCLI4282.1}}

@article{Caron2011,
	Author = {Caron, Louis-Philippe and Jones, Colin G. and Winger, Katja},
	Date-Added = {2014-03-08 05:34:38 +0000},
	Date-Modified = {2014-03-08 05:35:04 +0000},
	Doi = {10.1007/s00382-010-0846-7},
	Journal = {Clim. Dyn.},
	Number = {5-6},
	Pages = {869-892},
	Title = {Impact of resolution and downscaling technique in simulating recent Atlantic tropical cylone activity},
	Volume = {37},
	Year = {2011},
	Bdsk-Url-1 = {http://dx.doi.org/10.1007/s00382-010-0846-7}}

@article{Chauvin2006,
	Author = {Chauvin, Fabrice and Royer, Jean-Fran{\c c}ois and D{\'e}qu{\'e}, Michel},
	Date-Added = {2014-03-08 05:46:44 +0000},
	Date-Modified = {2014-03-08 05:47:00 +0000},
	Doi = {10.1007/s00382-006-0135-7},
	Journal = {Clim. Dyn.},
	Number = {4},
	Pages = {377--399},
	Title = {Response of hurricane-type vortices to global warming as simulated by ARPEGE-Climat at high resolution},
	Volume = {27},
	Year = {2006},
	Bdsk-Url-1 = {http://dx.doi.org/10.1007/s00382-006-0135-7}}

@article{Daloz2015,
	Adsnote = {Provided by the SAO/NASA Astrophysics Data System},
	Adsurl = {http://adsabs.harvard.edu/abs/2015JCli...28.1333D},
	Author = {{Daloz}, A.~S. and {Camargo}, S.~J. and {Kossin}, J.~P. and {Emanuel}, K. and {Horn}, M. and {Jonas}, J.~A. and {Kim}, D. and {LaRow}, T. and {Lim}, Y.-K. and {Patricola}, C.~M. and {Roberts}, M. and {Scoccimarro}, E. and {Shaevitz}, D. and {Vidale}, P.~L. and {Wang}, H. and {Wehner}, M. and {Zhao}, M.},
	Doi = {10.1175/JCLI-D-13-00646.1},
	Journal = {J. Clim.},
	Month = feb,
	Pages = {1333-1361},
	Title = {{Cluster Analysis of Downscaled and Explicitly Simulated North Atlantic Tropical Cyclone Tracks}},
	Volume = 28,
	Year = 2015,
	Bdsk-Url-1 = {http://dx.doi.org/10.1175/JCLI-D-13-00646.1}}

@article{Dennis2012,
	Author = {Dennis, J. M. and Edwards, J. and Evans, K. J. and Guba, O. and Lauritzen, P. H. and Mirin, A. A. and St-Cyr, A. and Taylor, M. A. and Worley, P. H.},
	Date-Modified = {2013-12-16 21:00:28 +0000},
	Doi = {10.1177/1094342011428142},
	Journal = {International Journal of High Performance Computing Applications},
	Number = {1},
	Pages = {74-89},
	Title = {{CAM-SE}: A scalable spectral element dynamical core for the {C}ommunity {A}tmosphere {M}odel},
	Volume = {26},
	Year = {2012},
	Bdsk-Url-1 = {http://dx.doi.org/10.1177/1094342011428142}}

@article{Dennis01022012,
	Author = {Dennis, John M. and Vertenstein, Mariana and Worley, Patrick H. and Mirin, Arthur A. and Craig, Anthony P. and Jacob, Robert and Mickelson, Sheri},
	Doi = {10.1177/1094342012436965},
	Eprint = {http://hpc.sagepub.com/content/26/1/5.full.pdf+html},
	Journal = {Int. J. High Perf. Comp. App.},
	Number = {1},
	Pages = {5-16},
	Title = {Computational performance of ultra-high-resolution capability in the Community Earth System Model},
	Url = {http://hpc.sagepub.com/content/26/1/5.abstract},
	Volume = {26},
	Year = {2012},
	Bdsk-Url-1 = {http://hpc.sagepub.com/content/26/1/5.abstract},
	Bdsk-Url-2 = {http://dx.doi.org/10.1177/1094342012436965}}

@article{Done2015,
	Author = {{Holland}, G.~J. and {Done},J.~M. and {Douglas}, R. and {Ge}. M.},
	Journal = {Natural Hazards Rev.},
	Pages = {(in review)},
	Title = {Global Tropical Cyclone Damage Potential},
	Year = 2015}

@article{Emanuel_Nolan2004,
	Author = {{Emanuel}, K. and {Nolan}, D.},
	Journal = {Preprints, 26th Conf. on Hurricanes and Tropical Meteorology, Miami, FL, Amer. Meteor. Soc.},
	Pages = {240--241},
	Title = {Tropical cyclone activity and global climate},
	Year = {2004}}

@article{Emanuel1987,
	Author = {{Emanuel}, K.},
	Journal = {Nature},
	Pages = {483-485},
	Title = {The dependence of hurricane intensity on climate},
	Volume = {326},
	Year = {1987}}

@article{Emanuel2005,
	Author = {{Emanuel}, K.},
	Journal = {Nature},
	Pages = {686--688},
	Title = {Increasing destructiveness of tropical cyclones over the past 30 years},
	Volume = {436},
	Year = {2005}}

@article{Emanuel2007,
	Author = {{Emanuel}, K.},
	Journal = {J. Clim.},
	Pages = {5497--5509},
	Title = {Environmental factors affecting tropical cyclone power dissipation},
	Volume = {20},
	Year = {2007}}

@article{Emanuel2013,
	Author = {{Emanuel}, K.},
	Doi = {10.1073/pnas.1301293110},
	Journal = {Proc. Natl. Acad. Sci.},
	Number = {30},
	Pages = {12219--12224},
	Title = {Downscaling CMIP5 climate models shows increased tropical cyclone activity over the 21st century.},
	Volume = {110},
	Year = {2013},
	Bdsk-Url-1 = {http://dx.doi.org/10.1073/pnas.1301293110}}

@article{fox-rabinovitz:97,
	Author = {M. S. Fox-Rabinovitz and G. L. Stenchikov and M. J. Suarez and L. L. Takacs},
	Journal = {Mon. Wea. Rev.},
	Month = {November},
	Pages = {2943--2968},
	Title = {A Finite-Difference {GCM} Dynamical Core with a Variable-Resolution Stretched Grid},
	Volume = 125,
	Year = 1997}

@article{Ghan2012,
	Author = {{Ghan},S.~J., and {Liu}, X. and {Easter}, R.~C. and {Zaveri}, R. and {Rasch}, P.~J. and {Yoon}, J.~-H. and {Eaton}, B.},
	Journal = {J.Clim.},
	Pages = {6461--6476},
	Title = {Toward a minimal representation of aerosols in climate models: Comparative decomposition of aerosol direct, semidirect, and indirect radiative forcing},
	Volume = {25},
	Year = {2012}}

@article{Grotjahn2015,
	Author = {{Grotjahn},R. and {Black}, R. and {Leung},R. and {Wehner}, M.~F. and {Barlow}, M. and {Bosilovich}, M. and {Gershunov}, A. and {Gutowski}, W. and {Katz}, R.~W. and {Lee}, Y.~-Y and {Lim}, Y.~-K. and {Prabhat}},
	Doi = {doi:10.1007/s00382-015-2638-6},
	Journal = {Clim. Dyn.},
	Title = {North American Extreme Temperature Events and Related Large Scale Meteorological Patterns: Statistical Methods, Dynamics, Modeling, and Trends},
	Volume = {96},
	Year = {2015},
	Bdsk-Url-1 = {http://dx.doi.org/10.1007/s00382-015-2638-6}}

@article{Hashimoto2015,
	Author = {Hashimoto, Atsushi and Done, James M. and Fowler, Laura D. and Bruy{\`e}re, Cindy L.},
	Date-Added = {2015-10-14 17:11:46 +0000},
	Date-Modified = {2015-10-14 17:12:19 +0000},
	Doi = {10.1007/s00382-015-2852-2},
	Journal = {Climate Dynamics},
	Pages = {1-12},
	Title = {Tropical cyclone activity in nested regional and global grid-refined simulations},
	Year = {2015},
	Bdsk-Url-1 = {http://dx.doi.org/10.1007/s00382-015-2852-2}}

@article{Held2011,
	Author = {{Held}, I.~M. and {Zhao}, M.},
	Doi = {10.1175/JCLI-D-11-00050.1},
	Journal = {J. Clim.},
	Month = oct,
	Pages = {5353-5364},
	Title = {The response of tropical cyclone statistics to an increase in {CO$_2$} with fixed sea surface temperatures},
	Volume = 24,
	Year = 2011,
	Bdsk-Url-1 = {http://dx.doi.org/10.1175/JCLI-D-11-00050.1}}

@article{Horn2014,
	Annote = {doi: 10.1175/JCLI-D-14-00200.1},
	Author = {Horn, Michael and Walsh, Kevin and Zhao, Ming and Camargo, Suzana J. and Scoccimarro, Enrico and Murakami, Hiroyuki and Wang, Hui and Ballinger, Andrew and Kumar, Arun and Shaevitz, Daniel A. and Jonas, Jeffrey A. and Oouchi, Kazuyoshi},
	Booktitle = {Journal of Climate},
	Date-Added = {2015-11-17 22:33:01 +0000},
	Date-Modified = {2015-11-17 22:33:19 +0000},
	Doi = {10.1175/JCLI-D-14-00200.1},
	Journal = {Journal of Climate},
	Number = {24},
	Pages = {9197--9213},
	Title = {Tracking Scheme Dependence of Simulated Tropical Cyclone Response to Idealized Climate Simulations},
	Volume = {27},
	Year = {2014},
	Bdsk-Url-1 = {http://dx.doi.org/10.1175/JCLI-D-14-00200.1}}

@inbook{IPCC_AR5chapter8,
	Address = {Cambridge, United Kingdom and New York, NY, USA},
	Author = {Myhre, G. and Shindell, D. and Bre{\~A}{\AA}on, F.-M. and Collins, W. and Fuglestvedt, J. and Huang, J. and Koch, D. and Lamarque, J.-F. and Lee, D. and Mendoza, B. and Nakajima, T. and Robock, A. and Stephens, G. and Takemura, T. and Zhang, H.},
	Booktitle = {Climate Change 2013: The Physical Science Basis. Contribution of Working Group I to the Fifth Assessment Report of the Intergovernmental Panel on Climate Change},
	Chapter = {8},
	Doi = {10.1017/CBO9781107415324.018},
	Editor = {Stocker, T.F. and Qin, D. and Plattner, G.-K. and Tignor, M. and Allen, S.K. and Boschung, J. and Nauels, A. and Xia, Y. and Bex, V. and Midgley, P.M.},
	Isbn = {ISBN 978-1-107-66182-0},
	Pages = {659‚{\"A}{\`\i}740},
	Publisher = {Cambridge University Press},
	Title = {Anthropogenic and Natural Radiative Forcing},
	Type = {Book Section},
	Url = {www.climatechange2013.org},
	Year = {2013},
	Bdsk-Url-1 = {www.climatechange2013.org},
	Bdsk-Url-2 = {http://dx.doi.org/10.1017/CBO9781107415324.018}}

@article{Kantha2006,
	Author = {{Wendel},J.},
	Journal = {Eos},
	Number = {1},
	Pages = {3-6},
	Title = {Time to replace the Saffir‐Simpson hurricane scale?},
	Volume = {87},
	Year = {2006}}

@article{Kim2012,
	Author = {{Kim}, D. and {Sobel}, A.~H. and {Del Genio}, A.~D. and {Chen}, Y. and {Camargo}, S.~J. and {Yao}, M.-S. and {Kelley}, M. and {Nazarenko}, L.},
	Doi = {10.1175/JCLI-D-11-00447.1},
	Journal = {J. Clim.},
	Month = jul,
	Pages = {4641-4659},
	Title = {{The Tropical Subseasonal Variability Simulated in the NASA GISS General Circulation Model}},
	Volume = 25,
	Year = 2012,
	Bdsk-Url-1 = {http://dx.doi.org/10.1175/JCLI-D-11-00447.1}}

@article{Knutson2001,
	Author = {{Knutson}, T.~R. and {Tuleya}, R.~E. and {Shen}, W. and {Ginis}, I.},
	Doi = {10.1175/1520-0442(2001)014},
	Journal = {J. Clim.},
	Month = jun,
	Pages = {2458--2468},
	Title = {Impact of {CO}$_{2}$-Induced Warming on Hurricane Intensities as Simulated in a Hurricane Model with Ocean Coupling},
	Volume = 14,
	Year = 2001,
	Bdsk-Url-1 = {http://dx.doi.org/10.1175/1520-0442(2001)014}}

@article{Knutson2004,
	Author = {{Knutson}, T.~R. and {Tuleya}, R.~E.},
	Doi = {10.1175/1520-0442(2004)017},
	Journal = {J. Clim.},
	Month = sep,
	Pages = {3477--3495},
	Title = {Impact of {CO}$_{2}$-Induced Warming on Simulated Hurricane Intensity and Precipitation: {S}ensitivity to the Choice of Climate Model and Convective Parameterization},
	Volume = 17,
	Year = 2004,
	Bdsk-Url-1 = {http://dx.doi.org/10.1175/1520-0442(2004)017}}

@article{Knutson2008,
	Author = {{Knutson}, T.~R. and {Sirutis}, J.~J. and {Garner}, S.~T. and {Vecchi}, G.~A. and {Held}, I.~M.},
	Doi = {10.1038/ngeo202},
	Journal = {Nature Geosci.},
	Pages = {359-364},
	Title = {Simulated reduction in {A}tlantic hurricane frequency under twenty-first-century warming conditions},
	Volume = 1,
	Year = 2008,
	Bdsk-Url-1 = {http://dx.doi.org/10.1038/ngeo202}}

@article{Knutson2010,
	Author = {{Knutson}, T.~R. and {McBride}, J.~L. and {Chan}, J. and {Emanuel}, K. and {Holland}, G. and {Landsea}, C. and {Held}, I. and {Kossin}, J.~P. and {Srivastava}, A.~K. and {Sugi}, M.},
	Doi = {10.1038/ngeo779},
	Journal = {Nature Geosci.},
	Month = mar,
	Pages = {157-163},
	Title = {{Tropical cyclones and climate change}},
	Volume = 3,
	Year = 2010,
	Bdsk-Url-1 = {http://dx.doi.org/10.1038/ngeo779}}

@article{Kuo1965,
	Author = {{Kuo}, H.~L.},
	Journal = {J. Atmos. Sci.},
	Month = jan,
	Pages = {40-63},
	Title = {{On formation and intensification of tropical cyclones through latent heat release by cumulus convection.}},
	Volume = 22,
	Year = 1965}

@article{Landsea2010,
	Annote = {doi: 10.1175/2009JCLI3034.1},
	Author = {Landsea, Christopher W. and Vecchi, Gabriel A. and Bengtsson, Lennart and Knutson, Thomas R.},
	Date-Added = {2014-01-28 16:23:50 +0000},
	Date-Modified = {2015-11-17 22:57:55 +0000},
	Doi = {10.1175/2009JCLI3034.1},
	Journal = {Journal of Climate},
	Number = {10},
	Pages = {2508-2519},
	Title = {Impact of Duration Thresholds on {A}tlantic Tropical Cyclone Counts},
	Volume = {23},
	Year = {2010},
	Bdsk-Url-1 = {http://dx.doi.org/10.1175/2009JCLI3034.1}}

@article{Lin2015,
	Author = {Lin, Yanluan and Zhao, Ming and Zhang, Minghua},
	Doi = {10.1038/ncomms7591},
	Journal = {Nature Comm.},
	Title = {Tropical cyclone rainfall area controlled by relative sea surface temperature},
	Volume = {6},
	Year = {2015},
	Bdsk-Url-1 = {http://dx.doi.org/10.1038/ncomms7591}}

@article{Mcclean2011,
	Author = {{McClean}, JL and {Bader}, DC and {Bryan}, FO and {Maltrud}, ME and {Dennis}, JM and {Mirin}, AA and {Jones}, PW and {Kim}, YY and {Ivanova}, DP and {Vertenstein}, M and {Boyle}, JS and {Jacob}, RL and {Norton}, N and {Craig}, A and {Worley}, PH},
	Doi = {10.1016/j.ocemod.2011.02.011},
	Journal = {Ocean Modelling},
	Pages = {10-30},
	Title = {A prototype two-decade fully-coupled fine-resolution CCSM simulation.},
	Volume = {39},
	Year = {2011},
	Bdsk-Url-1 = {http://dx.doi.org/10.1016/j.ocemod.2011.02.011}}

@article{Mirin07072011,
	Author = {Mirin, Arthur A. and Worley, Patrick H.},
	Doi = {10.1177/1094342011412630},
	Journal = {Inter. J. High Perf. Comp. App.},
	Title = {Improving the performance scalability of the community atmosphere model},
	Year = {2011},
	Bdsk-Url-1 = {http://dx.doi.org/10.1177/1094342011412630}}

@article{Murakami2010,
	Author = {H. Murakami and M. Sugi},
	Doi = {10.2151/sola.2010-019},
	Journal = {SOLA},
	Pages = {73--76},
	Title = {Effect of Model Resolution on Tropical Cyclone Climate Projections},
	Volume = {6},
	Year = 2010,
	Bdsk-Url-1 = {http://dx.doi.org/10.2151/sola.2010-019}}

@article{Murakami2012,
	Author = {{Murakami}, H. and {Wang}, Y. and {Yoshimura}, H. and {Mizuta}, R. and {Sugi}, M. and {Shindo}, E. and {Adachi}, Y. and {Yukimoto}, S. and {Hosaka}, M. and {Kusunoki}, S. and {Ose}, T. and {Kitoh}, A.},
	Doi = {10.1175/JCLI-D-11-00415.1},
	Journal = {J. Clim.},
	Month = may,
	Pages = {3237-3260},
	Title = {{Future Changes in Tropical Cyclone Activity Projected by the New High-Resolution MRI-AGCM*}},
	Volume = 25,
	Year = 2012,
	Bdsk-Url-1 = {http://dx.doi.org/10.1175/JCLI-D-11-00415.1}}

@article{Neale2012,
	Author = {{Neale}, R.~B. and {Chen}, C.~C. and {Gettelman}, A.and {Lauritzen}, P. and {Park}, P. and {Williamson}, D.~L. and {Conley}, A.~C. and {Garcia}, R. and {Kinnison}, D. and {Lamarque}, J.~-F. and {Marsh}, D. and {Mills}, M. and {Smith}, A.~K. and {Tilmes}, S. and {Vitt}, F. and {Morrison}, H. and {Cameron-Smith}, P. and {Collins}, W.~D. and {Iacono}, M.~J. and {Easter}, R.~C. and {Ghan},S.~J. and X. {Liu}, X. and {Rasch}, P.~J. and {Taylor}, M.},
	Journal = {Technical Report NCAR/TN-486+STR;National Center for Atmospheric Research; Boulder, Colorado, USA},
	Pages = {268pp},
	Title = {Description of the NCAR Community Atmosphere Model: CAM5.0},
	Year = {2012}}

@article{oliker,
	Address = {Los Alamitos, CA, USA},
	Author = {David Donofrio and Leonid Oliker and John Shalf and Michael F. Wehner and Chris Rowen and Jens Krueger and Shoaib Kamil and Marghoob Mohiyuddin},
	Doi = {http://doi.ieeecomputersociety.org/10.1109/MC.2009.353},
	Issn = {0018-9162},
	Journal = {Computer},
	Number = {11},
	Pages = {62-71},
	Publisher = {IEEE Computer Society},
	Title = {Energy-Efficient Computing for Extreme-Scale Science},
	Volume = {42},
	Year = {2009},
	Bdsk-Url-1 = {http://doi.ieeecomputersociety.org/10.1109/MC.2009.353}}

@article{Oouchi2006,
	Author = {Oouchi, Kazuyoshi and Yoshimura, Jun and Yoshimura, Hiromasa and Mizuta, Ryo and Kusunoki, Shoji and Noda, Akira},
	Journal = {J. Meteor. Soc. Japan},
	Number = {2},
	Pages = {259--276},
	Title = {Tropical Cyclone Climatology in a Global-Warming Climate as Simulated in a 20 km-Mesh Global Atmospheric Model: Frequency and Wind Intensity Analyses},
	Volume = {84},
	Year = {2006}}

@article{Ooyama1969,
	Author = {{Ooyama}, K.},
	Doi = {10.1175/1520-0469(1969)026$<$0003:NSOTLC$>$2.0.CO;2},
	Journal = {J. Atmos. Sci.},
	Month = jan,
	Pages = {3-40},
	Title = {{Numerical simulation of the life cycle of tropical cyclones}},
	Volume = 26,
	Year = 1969,
	Bdsk-Url-1 = {http://dx.doi.org/10.1175/1520-0469(1969)026$%3C$0003:NSOTLC$%3E$2.0.CO;2}}

@article{Powell2007,
	Author = {{Powell},M.~D., and {Reinhold}, T.~A.},
	Journal = {Bull. Amer. Meteor. Soc.},
	Number = {4},
	Pages = {513-526},
	Title = {Tropical Cyclone Destructive Potential by Integrated Kinetic Energy},
	Volume = {88},
	Year = {2007}}

@article{Prabhat2012,
	Author = {Prabhat and Oliver R{\"u}bel and Surendra Byna and Kesheng Wu and Fuyu Li and Michael Wehner and Wes Bethel},
	Date-Added = {2015-11-17 23:07:55 +0000},
	Date-Modified = {2015-11-17 23:08:14 +0000},
	Doi = {10.1016/j.procs.2012.04.093},
	Journal = {Procedia Computer Science},
	Note = {Proceedings of the International Conference on Computational Science, 2012},
	Pages = {866 - 876},
	Title = {{TECA}: A Parallel Toolkit for Extreme Climate Analysis},
	Volume = {9},
	Year = {2012},
	Bdsk-Url-1 = {http://dx.doi.org/10.1016/j.procs.2012.04.093}}

@article{Reed2011a,
	Author = {{Reed}, K.~A.. and {Jablonowski}, C.},
	Doi = {10.1029/2011MS000076},
	Journal = {J. Adv. Model. Earth Syst.},
	Pages = {M08002},
	Title = {Assessing the Uncertainty of Tropical Cyclone Simulations in {NCAR}'s Community Atmosphere Model},
	Volume = 3,
	Year = {2011},
	Bdsk-Url-1 = {http://dx.doi.org/10.1029/2011MS000076}}

@article{Reed2011b,
	Author = {{Reed}, K.~A.. and {Jablonowski}, C.},
	Doi = {10.1029/2010GL046297},
	Journal = {Geophys. Res. Lett.},
	Pages = {L04805},
	Title = {Impact of physical parameterizations on idealized tropical cyclones in the Community Atmosphere Model},
	Volume = 38,
	Year = 2011,
	Bdsk-Url-1 = {http://dx.doi.org/10.1029/2010GL046297}}

@article{Reed2012,
	Author = {{Reed}, K.~A.. and {Jablonowski}, C.},
	Doi = {10.1029/2011MS000099},
	Eid = {M04001},
	Journal = {J. Adv. Model. Earth Syst.},
	Title = {{Idealized tropical cyclone simulations of intermediate complexity: A test case for {AGCM}s}},
	Volume = 4,
	Year = 2012,
	Bdsk-Url-1 = {http://dx.doi.org/10.1029/2011MS000099}}

@article{Reed2015,
	Author = {{Reed}, K.~A. and { Bacmeister}, J.~T. and {Wehner}, {Rosenbloom}, N.~A. and M.~F. and {Bates}, S.~C. and {Lauritzen}, P.~H. and {Truesdale}, J.~T. and {Hannay}, C.},
	Doi = {10.1002/2015GL063974},
	Issn = {1944-8007},
	Journal = {Geophys. Res. Lett.},
	Number = {9},
	Pages = {3603--3608},
	Title = {Impact of the dynamical core on the direct simulation of tropical cyclones in a high-resolution global model},
	Volume = {42},
	Year = {2015},
	Bdsk-Url-1 = {http://dx.doi.org/10.1002/2015GL063974}}

@article{Roberts2015,
	Author = {Roberts, Malcolm J and Vidale, Pier Luigi and Mizielinski, Matthew S and Demory, Marie-Estelle and Schiemann, Reinhard and Strachan, Jane and Hodges, Kevin and Bell, Ray and Camp, Joanne},
	Doi = {10.1175/JCLI-D-14-00131.1},
	Journal = {J. Clim.},
	Pages = {574-596},
	Title = {Tropical cyclones in the UPSCALE ensemble of high resolution global climate models},
	Volume = 28,
	Year = {2015},
	Bdsk-Url-1 = {http://dx.doi.org/10.1175/JCLI-D-14-00131.1}}

@article{Scoccimarro2014,
	Author = {{Scoccimarro}, E. and {Gualdi}, S. and {Villarini}, G. and {Vecchi}, G.~A. and {Zhao}, M. and {Walsh}, K. and {Navarra}, A.},
	Doi = {10.1175/JCLI-D-14-00065.1},
	Journal = {J. Clim.},
	Month = jun,
	Pages = {4642-4654},
	Title = {{Intense Precipitation Events Associated with Landfalling Tropical Cyclones in Response to a Warmer Climate and Increased CO2}},
	Volume = 27,
	Year = 2014,
	Bdsk-Url-1 = {http://dx.doi.org/10.1175/JCLI-D-14-00065.1}}

@article{Shaevitz2014,
	Adsnote = {Provided by the SAO/NASA Astrophysics Data System},
	Adsurl = {http://adsabs.harvard.edu/abs/2014JAMES...6.1154S},
	Author = {{Shaevitz}, D.~A. and {Camargo}, S.~J. and {Sobel}, A.~H. and {Jonas}, J.~A. and {Kim}, D. and {Kumar}, A. and {LaRow}, T.~E. and {Lim}, Y.-K. and {Murakami}, H. and {Reed}, K.~A. and {Roberts}, M.~J. and {Scoccimarro}, E. and {Vidale}, P.~L. and {Wang}, H. and {Wehner}, M.~F. and {Zhao}, M. and {Henderson}, N.},
	Doi = {10.1002/2014MS000372},
	Journal = {JJ. Adv. Model. Earth Syst.},
	Keywords = {tropical cyclones, global climate models},
	Month = dec,
	Pages = {1154-1172},
	Title = {{Characteristics of tropical cyclones in high-resolution models in the present climate}},
	Volume = 6,
	Year = 2014,
	Bdsk-Url-1 = {http://dx.doi.org/10.1002/2014MS000372}}

@article{Sillmann2013,
	Author = {{Sillmann},J. and {Kharin}, V.~V. and {Zhang},X. and {Zwiers}, F.~W. and {Bronaugh}, D.},
	Journal = {J. Geophys. Res. Atmos.},
	Number = {4},
	Pages = {1716-1733},
	Title = {Climate extremes indices in the CMIP5 multimodel ensemble: Part 1. Model evaluation in the present climate},
	Volume = {118},
	Year = {2013}}

@article{Strachan2013,
	Author = {Strachan, Jane and Vidale, Pier Luigi and Hodges, Kevin and Roberts, Malcolm and Demory, Marie-Estelle},
	Booktitle = {J. Clim.},
	Doi = {10.1175/JCLI-D-12-00012.1},
	Isbn = {0894-8755},
	Journal = {J. Clim.},
	Number = {1},
	Pages = {133--152},
	Publisher = {American Meteorological Society},
	Title = {Investigating Global Tropical Cyclone Activity with a Hierarchy of {AGCM}s: The Role of Model Resolution},
	Volume = {26},
	Year = {2013},
	Bdsk-Url-1 = {http://dx.doi.org/10.1175/JCLI-D-12-00012.1}}

@article{Sugi2009,
	Author = {M. Sugi and H. Murakami and J. Yoshimura},
	Doi = {10.2151/sola.2009-042},
	Journal = {SOLA},
	Pages = {164--167},
	Title = {A Reduction in Global Tropical Cyclone Frequency due to Global Warming},
	Volume = 5,
	Year = 2009,
	Bdsk-Url-1 = {http://dx.doi.org/10.2151/sola.2009-042}}

@article{Taylor,
	Adsnote = {Provided by the SAO/NASA Astrophysics Data System},
	Adsurl = {http://adsabs.harvard.edu/abs/2001JGR...106.7183T},
	Author = {{Taylor}, K.~E.},
	Doi = {10.1029/2000JD900719},
	Journal = {J. Geophys. Res.: Atmosphere},
	Keywords = {Meteorology and Atmospheric Dynamics: Theoretical modeling, Meteorology and Atmospheric Dynamics: Instruments and techniques, General or Miscellaneous: Techniques applicable in three or more fields},
	Month = apr,
	Pages = {7183-7192},
	Title = {{Summarizing multiple aspects of model performance in a single diagram}},
	Volume = 106,
	Year = 2001,
	Bdsk-Url-1 = {http://dx.doi.org/10.1029/2000JD900719}}

@article{Taylor1997,
	Author = {M. Taylor and J. Tribbia and M. Iskandarani},
	Date-Added = {2013-04-09 11:15:12 -0400},
	Date-Modified = {2014-05-22 22:16:48 +0000},
	Journal = {Journal of Computational Physics},
	Pages = {92--108},
	Title = {The Spectral Element Method for the Shallow Water Equations on the Sphere},
	Volume = 130,
	Year = 1997}

@incollection{Taylor2011,
	Author = {M. A. Taylor},
	Booktitle = {Numerical Techniques for Global Atmospheric Models},
	Date-Added = {2013-04-09 11:15:12 -0400},
	Date-Modified = {2013-04-10 16:24:24 -0400},
	Editor = {P. H. Lauritzen and C. Jablonowski and M. A. Taylor and R. D. Nair},
	Pages = {357--380},
	Publisher = {Springer},
	Series = {Lecture {N}otes in {C}omputational {S}cience and {E}ngineering},
	Title = {Conservation of Mass and Energy for the Moist Atmospheric Primitive Equations on Unstructured Grids},
	Volume = 80,
	Year = 2011}

@article{Tsutsui1996,
	Author = {Tsutsui, Jun-ichi and Kasahara, Akira},
	Date-Added = {2015-11-17 23:04:22 +0000},
	Date-Modified = {2015-11-17 23:04:51 +0000},
	Doi = {10.1029/95JD03774},
	Journal = {Journal of Geophysical Research: Atmospheres},
	Number = {D10},
	Pages = {15013--15032},
	Title = {Simulated tropical cyclones using the {N}ational {C}enter for {A}tmospheric {R}esearch community climate model},
	Volume = {101},
	Year = {1996},
	Bdsk-Url-1 = {http://dx.doi.org/10.1029/95JD03774}}

@article{Villarini2014,
	Author = {{Villarini}, G. and {Lavers}, D.~A. and {Scoccimarro}, E. and {Zhao}, M. and {Wehner}, M.~F. and {Vecchi}, G.~A. and {Knutson}, T.~R. and {Reed}, K.~A.},
	Doi = {10.1175/JCLI-D-13-00780.1},
	Journal = {J. Clim.},
	Month = jun,
	Pages = {4622-4641},
	Title = {{Sensitivity of Tropical Cyclone Rainfall to Idealized Global-Scale Forcings*}},
	Volume = 27,
	Year = 2014,
	Bdsk-Url-1 = {http://dx.doi.org/10.1175/JCLI-D-13-00780.1}}

@article{Vitart1997,
	Author = {Vitart, F. and Anderson, J. L. and Stern, W. F.},
	Date-Modified = {2013-04-18 16:23:27 -0400},
	Journal = {Journal of Climate},
	Number = {4},
	Pages = {745-760},
	Title = {Simulation of interannual variability of tropical storm frequency in an ensemble of {GCM} integrations},
	Volume = {10},
	Year = {1997}}

@article{Vitart2001,
	Author = {{Vitart}, F. and {Anderson}, J.~L. and {Sirutis}, J. and {Tuleya}, R.~E.},
	Doi = {10.1002/qj.49712757103},
	Journal = {Quart. J. Roy. Meteor. Soc.},
	Month = jan,
	Pages = {25-51},
	Title = {{Sensitivity of tropical storms simulated by a general circulation model to changes in cumulus parametrization}},
	Volume = 127,
	Year = 2001,
	Bdsk-Url-1 = {http://dx.doi.org/10.1002/qj.49712757103}}

@article{Walsh2004,
	Author = {{Walsh}, K.~J.~E. and {Nguyen}, K.-C. and {McGregor}, J.~L.},
	Doi = {10.1007/s00382-003-0362-0},
	Journal = {Clim. Dyn.},
	Pages = {47--56},
	Title = {Fine-resolution regional climate model simulations of the impact of climate change on tropical cyclones near {A}ustralia},
	Volume = 22,
	Year = 2004,
	Bdsk-Url-1 = {http://dx.doi.org/10.1007/s00382-003-0362-0}}

@article{Walsh2007,
	Author = {{Walsh}, K.~J.~E. and {Fiorino}, M. and {Landsea}, C.~W. and {McInnes}, K.~L.},
	Doi = {10.1175/JCLI4074.1},
	Journal = {J. Clim.},
	Pages = {2307},
	Title = {{Objectively Determined Resolution-Dependent Threshold Criteria for the Detection of Tropical Cyclones in Climate Models and Reanalyses}},
	Volume = 20,
	Year = 2007,
	Bdsk-Url-1 = {http://dx.doi.org/10.1175/JCLI4074.1}}

@incollection{Walsh2008,
	Author = {K.~J.~E. Walsh},
	Booktitle = {Climate Change Research Progress},
	Editor = {L. Peretz},
	Pages = {313--329},
	Publisher = {Nova Publishers},
	Title = {The ability of climate models to generate tropical cyclones: implications for prediction},
	Year = 2008}

@article{Walsh2014,
	Author = {{Walsh},K.~J.~E. and {Camargo},S. and {Vecchi},G. and {Daloz}, A.~S. and {Elsner}, J. and {Emanuel}, K. and {Horn},M. and {Lim},Y.~-K. and {Roberts}, M. and {Patricola},C. and {Scoccimarro},E. and {Sobel},A. and {Strazzo}, S. and {Villarini}, G. and {Wehner}, M. and {Zhao}, M. and {Kossin}, J. and {LaRow}, T. and {Oouchi}, K. and {Schubert}, S. and {Wang}, H. and {Bacmeister}, J. and {Chang}, P. and {Chauvin}, F. and {Jablonowski}, C. and {Kumar}, A. and {Murakami}, H. and {Ose}, T. and {Reed},K. and {Saravanan},S. and {Yamada}, Y. and {Zarzycki}, C. and {Vidale}, P.~-L. and {Jonas}, J. and {Henderson}, N.},
	Doi = {10.1175/BAMS-D-13-00242.1},
	Journal = {Bull. Amer. Meteor. Soc.},
	Pages = {997--1017},
	Title = {Hurricanes and climate: the U.S. CLIVAR working group on hurricanes},
	Volume = {96},
	Year = {2014},
	Bdsk-Url-1 = {http://dx.doi.org/10.1175/BAMS-D-13-00242.1}}

@article{Wehner2010,
	Author = {M. F. Wehner and G. Bala and P. Duffy and A. A. Mirin and R. Romano},
	Doi = {10.1155/2010/915303},
	Journal = {Adv. Meteor.},
	Pages = {915303},
	Title = {Towards Direct Simulation of Future Tropical Cyclone Statistics in a High-Resolution Global Atmospheric Model},
	Volume = 2010,
	Year = 2010,
	Bdsk-Url-1 = {http://dx.doi.org/10.1155/2010/915303}}

@article{Wehner2011,
	Author = {Wehner, Michael F. and Oliker, Leonid and Shalf, John and Donofrio, David and Drummond, Leroy A. and Heikes, Ross and Kamil, Shoaib and Kono, Celal and Miller, Norman and Miura, Hiroaki and Mohiyuddin, Marghoob and Randall, David and Yang, Woo-Sun},
	Doi = {10.1029/2011MS000073},
	Issn = {1942-2466},
	Journal = {Journal of Advances in Modeling Earth Systems},
	Keywords = {Computational Geophysics, Hardware solutions, Modeling, Atmosphere, High-performance computing, global cloud system resolving models, exascale computing, hardware/software co-design},
	Note = {M10003},
	Number = {4},
	Pages = {n/a--n/a},
	Title = {Hardware/software co-design of global cloud system resolving models},
	Url = {http://dx.doi.org/10.1029/2011MS000073},
	Volume = {3},
	Year = {2011},
	Bdsk-Url-1 = {http://dx.doi.org/10.1029/2011MS000073}}

@article{Wehner2014,
	Author = {{Wehner}, M.~F. and {Reed}, K.~A. and {Li}, F. and {Prabhat} and {Bacmeister}, J.~T. and {Chen}, C.-T. and {Paciorek}, C. and {Gleckler}, P. J. and {Sperber}, K. R. and {Collins}, W.~D. and {Gettelman}, A. and {Jablonowski}, C.},
	Doi = {10.1002/2013MS000276},
	Journal = {J. Adv. Model. Earth Syst.},
	Number = {4},
	Pages = {980-997},
	Title = {The effect of horizontal resolution on simulation quality in the {C}ommunity {A}tmospheric {M}odel, {CAM}5.1},
	Volume = {6},
	Year = {2014},
	Bdsk-Url-1 = {http://dx.doi.org/10.1002/2013MS000276}}

@article{Wehner2015,
	Author = {{Wehner}, M.~F. and {Prabhat} and {Reed}, K.~A. and {Stone}, D. and {Collins}, W.~D. and {Bacmeister}, J.~T.},
	Doi = {10.1175/JCLI-D-14-00311.1},
	Journal = {J. Clim.},
	Pages = {3905-3925},
	Title = {Resolution dependence of future tropical cyclone projections of CAM5.1 in the US CLIVAR Hurricane Working Group idealized configurations},
	Volume = 28,
	Year = {2015},
	Bdsk-Url-1 = {http://dx.doi.org/10.1175/JCLI-D-14-00311.1}}

@article{Wendel2015,
	Author = {{Wendel},J.},
	Doi = {doi:10.1029/2015EO034841},
	Journal = {Eos},
	Title = {Does U.S. hurricane rating scale get the danger right?},
	Volume = {96},
	Year = {2015},
	Bdsk-Url-1 = {http://dx.doi.org/10.1029/2015EO034841}}

@article{Yoshimura2005,
	Author = {J. Yoshimura and M. Sugi},
	Doi = {10.2151/sola.2005-035},
	Journal = {SOLA},
	Pages = {133--136},
	Title = {Tropical Cyclone Climatology in a High-resolution {AGCM} -- {I}mpacts of {SST} Warming and {CO$_2$} Increase --},
	Volume = 1,
	Year = 2005,
	Bdsk-Url-1 = {http://dx.doi.org/10.2151/sola.2005-035}}

@article{Zarzycki2014,
	Author = {{Zarzycki}, C.~M. and {Jablonowski}, C.},
	Doi = {10.1002/2014MS000352},
	Journal = {J. Adv. Model. Earth Syst.},
	Keywords = {tropical cyclones, general circulation models, variable-resolution, hurricanes},
	Month = sep,
	Pages = {805-828},
	Title = {{A multidecadal simulation of Atlantic tropical cyclones using a variable-resolution global atmospheric general circulation model}},
	Volume = 6,
	Year = 2014,
	Bdsk-Url-1 = {http://dx.doi.org/10.1002/2014MS000352}}

@article{Zarzycki2014APE,
	Author = {Colin M. Zarzycki and Michael N. Levy and Christiane Jablonowski and James R. Overfelt and Mark A. Taylor and Paul A. Ullrich},
	Date-Added = {2014-01-28 17:36:17 +0000},
	Date-Modified = {2015-07-02 18:32:14 +0000},
	Doi = {10.1175/JCLI-D-14-00004.1},
	Journal = {Journal of Climate},
	Number = {14},
	Pages = {5481--5503},
	Title = {Aquaplanet Experiments Using {CAM}'s Variable-Resolution Dynamical Core},
	Volume = {27},
	Year = {2014},
	Bdsk-Url-1 = {http://dx.doi.org/10.1175/JCLI-D-14-00004.1}}

@article{Zhao2009,
	Author = {M. Zhao and I.~M. Held and S.-J. Lin and G.~A. Vecchi},
	Journal = {J. Clim.},
	Pages = {6653--6678},
	Title = {Simulations of Global Hurricane Climatology, Interannual Variability, and Response to Global Warming Using a 50-km Resolution {GCM}},
	Volume = 22,
	Year = 2009}

@article{Zhao2012,
	Author = {Zhao, Ming and Held, Isaac M. and Lin, Shian-Jiann},
	Doi = {10.1175/JAS-D-11-0238.1},
	Journal = {J. Atmos. Sci.},
	Number = {7},
	Pages = {2272--2283},
	Title = {Some Counterintuitive Dependencies of Tropical Cyclone Frequency on Parameters in a {GCM}},
	Volume = {69},
	Year = {2012},
	Bdsk-Url-1 = {http://dx.doi.org/10.1175/JAS-D-11-0238.1}}

@article{Zhao2013,
	Author = {Zhao, Ming and Held, IM and Vecchi, G and Scoccimarro, E and Wang, H and Wehner, M and Lim, YK and LaRow, T and Camargo, SJ and Walsh, K and others},
	Journal = {CLIVAR Var, Fall},
	Title = {Robust direct effect of increasing atmospheric CO2 concentration on global tropical cyclone frequency---a multi-model inter-comparison},
	Year = {2013}}

@article{LaRow2008,
	Annote = {doi: 10.1175/2007JCLI2036.1},
	Author = {LaRow, T. E. and Lim, Y-K. and Shin, D. W. and Chassignet, E. P. and Cocke, S.},
	Date-Added = {2014-01-28 03:06:48 +0000},
	Date-Modified = {2014-01-28 03:07:17 +0000},
	Doi = {10.1175/2007JCLI2036.1},
	Journal = {Journal of Climate},
	Number = {13},
	Pages = {3191-3206},
	Title = {Atlantic Basin Seasonal Hurricane Simulations},
	Volume = {21},
	Year = {2008},
	Bdsk-Url-1 = {http://dx.doi.org/10.1175/2007JCLI2036.1}}
	
@article{Zarzycki2014MWR,
	Author = {Zarzycki, Colin M. and Christiane Jablonowski and Mark A. Taylor},
	Date-Added = {2013-08-24 18:53:20 -0400},
	Date-Modified = {2014-12-22 16:00:54 +0000},
	Doi = {10.1175/MWR-D-13-00179.1},
	Journal = {Monthly Weather Review},
	Number = {3},
	Pages = {1221--1239},
	Title = {Using Variable Resolution Meshes to Model Tropical Cyclones in the {C}ommunity {A}tmosphere {M}odel},
	Volume = {142},
	Year = {2014},
	Bdsk-Url-1 = {http://dx.doi.org/10.1175/MWR-D-13-00179.1}}

@article{Gates1992,
	Author = {{Gates}, W.~L.},
	Date-Added = {2013-08-20 11:14:27 -0400},
	Date-Modified = {2014-05-22 22:19:24 +0000},
	Journal = {Bulletin of the American Meteorological Society},
	Month = dec,
	Pages = {1962--1970},
	Title = {{AMIP: The Atmospheric Model Intercomparison Project}},
	Volume = 73,
	Year = 1992}

